@INPROCEEDINGS{ connectivity,
    author = {Xaing, Jie and Chen, Junjie},
    booktitle = {Computational Aspects of Social Networks (CASoN), 2010 International Conference on},
    title = {The Study on Functional Connectivity between Frontal Eye Field and Other Brain Cortex in Visual Processing},
    year = {2010},
    month = sep,
    volume = {},
    number = {},
    pages = {333--336},
    keywords = {},
    doi = {10.1109/CASoN.2010.81},
    ISSN = {},
}
@INPROCEEDINGS{ brainactivation,
    author = {Yamamoto, K. and Takeuchi, Y. and Tachibana, J. and Uchida, K. and Maeno, M. and Yanashima, K. and Uchiyama, A. and Magatani, K.},
    booktitle = {Engineering in Medicine and Biology Society, 2004. IEMBS '04. 26th Annual International Conference of the IEEE},
    title = {Analysis of brain activation by visual and auditory stimulation after visual and auditory simultaneous stimulation using F-MRI},
    year = {2004},
    month = sep,
    volume = {1},
    number = {},
    pages = {1872--1875},
    keywords = {activate each cortex;auditory spatial perception;auditory stimulation;brain activation;brain response;cortex;functional magnetic resonance imaging;visual stimulation;bioelectric phenomena;biomedical MRI;brain;medical image processing;},
    doi = {10.1109/IEMBS.2004.1403556},
    ISSN = {},
}
@INPROCEEDINGS{ retinapathways,
    author = {Wei Hui and Guan Xu-Dong and Zuo Qingsong},
    booktitle = {Cognitive Informatics (ICCI), 2010 9th IEEE International Conference on},
    title={Main retina information processing pathways modeling},
    year = {2010},
    month = jul,
    volume = {},
    number = {},
    pages = {318 -324},
    keywords = {digital image processing;pathways modeling;retina cell;retina information processing;statistical experiment;visual task;computer vision;eye;neurophysiology;statistical analysis;visual perception;},
    doi = {10.1109/COGINF.2010.5599719},
    ISSN = {}
}
@INPROCEEDINGS{ modanalysis,
    author = {Lin, B.W. and Ou Ma},
    booktitle = {Neural Networks, 2007. IJCNN 2007. International Joint Conference on},
    title = {Modeling and Analysis of Human Binocular Perception of Position and Velocity in the Visual Cortex},
    year = {2007},
    month = aug,
    volume = {},
    number = {},
    pages = {973--978},
    keywords = {binocular disparity;human binocular perception;human visual perception;peel-off mapping;physiological characteristics;position perception;retinal projection;spatial characteristics;spatial relationship;spherical surface;stereo motion;velocity perception;visible moving spot;visual cortex;visual pathway;brain;eye;neurophysiology;physiological models;visual perception;},
    doi = {10.1109/IJCNN.2007.4371090},
    ISSN = {1098-7576}
}
@INPROCEEDINGS{ photo,
    author = {Theuwissen, A.J.P.},
    booktitle = {VLSI Technology, Systems, and Applications, 2001. Proceedings of Technical Papers. 2001 International Symposium on},
    title = {CCD or CMOS image sensors for consumer digital still photography? },
    year = {2001},
    month = jan,
    volume = {},
    number = {},
    pages = {168--171},
    keywords = {CCD imagers;CMOS image sensors;consumer digital still photography;driving voltages;image quality;on-chip functionality;selective read-out;still applications;CCD image sensors;CMOS image sensors;colour photography;consumer electronics;},
    doi = {10.1109/VTSA.2001.934511},
    ISSN = {}
}
@INPROCEEDINGS{ compis,
    author = {Carlson, B.S.},
    booktitle = {Sensors, 2002. Proceedings of IEEE},
    title = {Comparison of modern CCD and CMOS image sensor technologies and systems for low resolution imaging},
    year = {2002},
    month = jan,
    volume = {1},
    number = {},
    pages = {171--176},
    keywords = {CCD image sensor technologies; CMOS image sensor technologies; camera-on-a-chip integration; cost; low power dissipation; low resolution imaging; low-end digital camera markets; noise; photodetectors; read-out electronics; sensitivity; single supply operation; size; web cams; CCD image sensors; CMOS image sensors; cameras; integrated circuit noise; low-power electronics; photodetectors; readout electronics;},
    doi = {10.1109/ICSENS.2002.1037011},
    ISSN = { }
}
@INPROCEEDINGS{ sensorarray,
    author = {Betancourt, D. and del Rio, C.},
    booktitle = {Sensor Array and Multichannel Processing, 2006. Fourth IEEE Workshop on},
    title = {Study of the Human Eye Working Principle: An Impressive High Angular Resolution System with Simple Array Detectors},
    year = {2006},
    month = jul,
    volume = {},
    number = {},
    pages = {93--97},
    keywords = {array antenna systems;array detectors;human eye working principle;impressive high angular resolution system;antenna arrays;eye;},
    doi = {10.1109/SAM.2006.1706098},
    ISSN = {}
}
@ARTICLE{ thorpe,
    address = {Centre de Recherche Cerveau \& Cognition, Toulouse, France. thorpe@cerco.ups-tlse.fr},
    author = {Thorpe, S. and Fize, D. and Marlot, C.},
    doi = {10.1038/381520a0},
    issn = {0028-0836},
    journal = {Nature},
    keywords = {eeg},
    month = {June},
    number = {6582},
    pages = {520--522},
    title = {{Speed of processing in the human visual system.}},
    url = {http://dx.doi.org/10.1038/381520a0},
    volume = {381},
    year = {1996}
}
@ARTICLE{ arch,
    author = {Ng Jeffrey and Anil A. Bharath and Li Zhaoping},
    title = {A Survey of Architecture and Function of the Primary Visual Cortex (V1)},
    journal = {EURASIP Journal on Advances in Signal Processing},
    year = {2007},
    doi = {10.1155/2007/97961},
    pages = 17
}
@ARTICLE{ schiller,
    author = {Schiller, Peter H. and Logothetis, Nikos K. and Charles, Eliot R.},
    title = {Functions of the colour-opponent and broad-band channels of the visual system},
    institution = {Department of Brain and Cognitive Sciences, Massachusetts Institute of Technology, Cambridge},
    journal = {letters to nature},
    year = {1990},
    month = jan,
    volume = 343,
    pages = {68--70},
    publisher = {Nature Publishing Group},
    doi = {10.1038/343068a0}
}
@ARTICLE{ hubel,
    author = {Hubel, D.H. and T.N. Wiesel},
    title = {Receptive Fields, Binocular Interaction, and Functional Architecture in the Cat's Visual Cortex},
    pages = {106--154},
    journal = {jphysiol},
    volume = 160,
    year =  1962
}
@BOOK{ anatomie,
    author = {Baixauli, Vincente and Negri, Marcello},
    title = {Anatomie des Menschen},
    publisher = {Kaiser},
    year = {1997},
    edition = {Neuauflage 2002}
}
@INBOOK{ vim,
    author = {Gegenfurtner, Karl R. and Walter, Sebastian and Braun, Doris I.},
    booktitle = {Nicht wahr?! Sinneskanäle, Hirnwindungen und Grenzen der Wahrnehmung},
    title = {Visuelle Informationsverarbeitung im Gehirn},
    pages = {42--45},
    publisher = {mentis},
    year = 2002,
    institution = {University of Gießen}
}
